@book{richards2020fundamentals,
  title={Fundamentals of software architecture: an engineering approach},
  author={Richards, Mark and Ford, Neal},
  year={2020},
  publisher={O'Reilly Media}
}
